<?xml version="1.0" encoding="UTF-8"?><record xmlns="http://www.loc.gov/MARC21/slim" xmlns:cinclude="http://apache.org/cocoon/include/1.0" xmlns:zs="http://www.loc.gov/zing/srw/">
  <leader>00528nz  a2200145n  4500</leader>
  <controlfield tag="001">n  92027197 </controlfield>
  <controlfield tag="003">DLC</controlfield>
  <controlfield tag="005">19920312080411.4</controlfield>
  <controlfield tag="008">920312n| acannaab|          |n aaa |||  </controlfield>
  <datafield tag="010" ind1=" " ind2=" ">
    <subfield code="a">n  92027197 </subfield>
  </datafield>
  <datafield tag="040" ind1=" " ind2=" ">
    <subfield code="a">DLC</subfield>
    <subfield code="c">DLC</subfield>
  </datafield>
  <datafield tag="100" ind1="1" ind2="0">
    <subfield code="a">Mathieu, Jean-Marie,</subfield>
    <subfield code="d">1948-</subfield>
  </datafield>
  <datafield tag="670" ind1=" " ind2=" ">
    <subfield code="a">His L'ingénierie des coupes de roc ... 1989:</subfield>
    <subfield code="b">t.p. (Jean-Marie Mathieu)</subfield>
  </datafield>
  <datafield tag="670" ind1=" " ind2=" ">
    <subfield code="a">NLC, 10-16-91</subfield>
    <subfield code="b">(Mathieu, Jean-Marie; non-unique name)</subfield>
  </datafield>
  <datafield tag="670" ind1=" " ind2=" ">
    <subfield code="a">Bibl. de Québec, 1990 index</subfield>
    <subfield code="b">(Mathieu, Jean-Marie, 1948- ; author of L'ingénierie des coupes de roc)</subfield>
  </datafield>
</record>